@book{bruegge2004object,
  title     = {Object Oriented Software Engineering Using UML, Patterns, and Java},
  author    = {Bruegge, Bernd and Dutoit, Allen H},
  year      = {2009},
  publisher = {Prentice Hall}
}

@article{manera2023,
  author  = {Valerias, Manera and Rovini, Erika and Wais, Peter},
  journal = {Frontiers in Aging Neuroscience},
  number  = {1149886},
  title   = {Early detection of neurodegenerative disorders using behavioral markers and new technologies: New methods and perspectives},
  volume  = {15},
  year    = {2023}
}

@article{mcisaac2023,
  author  = {McIsaac, Tara L. and Fritz, E. Nora and Quinn, Lori and Muratori, Lisa M.},
  journal = {Frontiers in Psychology},
  number  = {02061},
  title   = {Cognitive-Motor Interference in Neurodegenerative Disease: A Narrative Review and Implications for Clinical Management},
  volume  = {9},
  year    = {2018}
}

@inproceedings{kapsecker2022,
  author    = {Kapsecker, Maximilian and Osterlehner, Simon and Jonas, Stephan M.},
  booktitle = {2022 IEEE International Conference on Digital Health (ICDH)},
  title     = {Analysis of Mobile Typing Characteristics in the Light of Cognition},
  year      = {2022},
  volume    = {},
  number    = {},
  pages     = {87-95},
  keywords  = {Neurological diseases;Data analysis;Sociology;Keyboards;Cognition;Time measurement;Mobile handsets;mobile health;typing behavior;spontaneous typing;cognition;unobtrusive methods;neurocognitive disorders},
  doi       = {10.1109/ICDH55609.2022.00022}
}

@article{hernandez2023, 
  author = {Gomez-Hernandez, M. and Ferre, X. and Moral, C. and Villalba-Mora, E.}, 
  title = {Design Guidelines of Mobile Apps for Older Adults: Systematic Review and Thematic Analysis}, 
  journal = {JMIR Mhealth Uhealth}, 
  year = {2023}, 
  volume = {11}, 
  pages = {e43186}, 
  doi = {10.2196/43186}, 
  pmid = {37733401}, 
  pmcid = {PMC10557006}
}
